@INPROCEEDINGS{Wagstaff2001,
    author = {Kiri Wagstaff and Claire Cardie and Seth Rogers and Stefan Schroedl},
    title = {Constrained K-means Clustering with Background Knowledge},
    booktitle = {In ICML},
    year = {2001},
    pages = {577--584},
    publisher = {Morgan Kaufmann}
}

@INPROCEEDINGS{Luo2003,
    author = {Ming Luo and Yu-fei Ma and Hong-jiang Zhang},
    title = {A Spatial Constrained K-Means Approach to Image Segmentation},
    booktitle = {Proc. the 2003 Joint Conference of the Fourth International Conference on Information, Communications and Signal Processing and the Fourth Pacific Rim Conference on Multimedia},
    year = {2003},
    pages = {738--742}
}

@article{Hillestad1980,
	author = {Hillestad, R. J. and Jacobsen, S. E.},
	title = {Reverse Convex Programming},
	journal = {Applied Mathematics and Optimization},
	volume = 6,
	number = 1,
	pages = {63-78},
	year = 1980
}

@inproceedings{Aggarwal2001,
 author = {Aggarwal, Charu C. and Hinneburg, Alexander and Keim, Daniel A.},
 title = {On the Surprising Behavior of Distance Metrics in High Dimensional Spaces},
 booktitle = {Proceedings of the 8th International Conference on Database Theory},
 series = {ICDT '01},
 year = {2001},
 isbn = {3-540-41456-8},
 pages = {420--434},
 numpages = {15},
 url = {http://dl.acm.org/citation.cfm?id=645504.656414},
 acmid = {656414},
 publisher = {Springer-Verlag},
 address = {Berlin, Heidelberg},
} 